@book{lamport-latex,
  Author = {Leslie Lamport},
  Title = {{\LaTeX}: A Document Preparation System (2nd Edition)},
  Publisher = {Addison-Wesley Professional},
  Year = {1994},
  ISBN = {0201529831}
}

@Online{javaquine,
  author  = {Ben Holland},
  title   = {A simple quine program implementation in Java},
  year    = {2016},
  url     = {https://gist.github.com/benjholla/9dd76ca9269e8c9af99a},
  urldate = {2019-06-19},
}


@misc{isbn2bibtex,
  author = {Manas Tungare},
  title = {{ISBN} to {Bib\TeX} {C}onverter},
  year = {2016},
  howpublished = "\url{http://manas.tungare.name/software/isbn-to-bibtex/}",
  note = "[Online; Zugriff am 30. Oktober 2016]"
}
@misc{bibtex,
  author = {Dana Jacobsen},
  title = {The {Bib\TeX} Format},
  year = {2010},
  howpublished = "\url{http://www.fb10.uni-bremen.de/anglistik/langpro/bibliographies/jacobsen-bibtex.html}",
  note = "[Online; Zugriff am 30. Oktober 2016]"
}

@misc{figures,
  author = {Wikibooks},
  title = {{\LaTeX}/Floats, Figures and Captions},
  year = {2016},
  howpublished = "\url{https://en.wikibooks.org/wiki/LaTeX/Floats,_Figures_and_Captions}",
  note = "[Online; Zugriff am 30. Oktober 2016]"
  
}

@misc{wp-prolog,
  author = {Wikipedia},
  title = {{Prolog (Literatur)}},
  howpublished = "\url{https://de.wikipedia.org/wiki/Prolog_(Literatur)}",
  year = {2016}, 
  note = "[Online; Zugriff am 30. Oktober 2016]"
}

@misc{wp-exordium,
  author = {Wikipedia},
  title = {{Exordium (Rhetorik)}},
  howpublished = "\url{https://de.wikipedia.org/wiki/Exordium_(Rhetorik)}",
  year = {2016}, 
  note = "[Online; Zugriff am 30. Oktober 2016]"
}

@